@online{StCh01,
  author = {Network N ltd},
  title = {War Thunder - Steam Charts},
  url = {steamcharts.com/app/236390},
  urldate = {2024-10-09},
  year = {2024}
}


@online{DbEg01,
  author = {Red Gate software},
  title = {DB-Engines Ranking},
  url = {db-engines.com/en/ranking},
  urldate = {2024-10-22},
  year = {2024}
}
